<record><leader>00000cas a22000007a 4500</leader><controlfield tag="001">15295604</controlfield><controlfield tag="008">870310d19141926inudn ne      0    0eng d</controlfield><datafield ind1=" " ind2=" " tag="010"><subfield code="a">sn 87055315 </subfield></datafield><datafield ind1=" " ind2=" " tag="040"><subfield code="a">NPI</subfield><subfield code="b">eng</subfield><subfield code="c">NPI</subfield><subfield code="d">OCLCQ</subfield></datafield><datafield ind1=" " ind2=" " tag="042"><subfield code="a">msc</subfield></datafield><datafield ind1="0" ind2="0" tag="245"><subfield code="a">Peru journal.</subfield></datafield><datafield ind1=" " ind2=" " tag="260"><subfield code="a">Peru, Ind. :</subfield><subfield code="b">J. Ross Woodrino,</subfield><subfield code="c">1914-1926.</subfield></datafield><datafield ind1=" " ind2=" " tag="310"><subfield code="a">Daily (except Sun.)</subfield></datafield><datafield ind1="0" ind2=" " tag="362"><subfield code="a">Vol. 30, no. 242 (Oct. 10, 1914)-v. 43, no. 27 (Dec. 7, 1926).</subfield></datafield><datafield ind1=" " ind2=" " tag="580"><subfield code="a">Also published in a country ed.</subfield></datafield><datafield ind1=" " ind2=" " tag="752"><subfield code="a">United States</subfield><subfield code="b">Indiana</subfield><subfield code="c">Miami</subfield><subfield code="d">Peru.</subfield></datafield><datafield ind1="0" ind2="0" tag="780"><subfield code="t">Peru evening journal</subfield><subfield code="w">(DLC)sn 87055323</subfield></datafield><datafield ind1="0" ind2="7" tag="785"><subfield code="t">Peru morning chronicle</subfield><subfield code="w">(DLC)sn 87097007</subfield></datafield><datafield ind1="0" ind2="7" tag="785"><subfield code="t">Peru journal chronicle</subfield><subfield code="w">(DLC)sn 87055325</subfield></datafield></record>